@inproceedings{mellinger2011minimum,
  title={Minimum snap trajectory generation and control for quadrotors},
  author={Mellinger, Daniel and Kumar, Vijay},
  booktitle={2011 IEEE International Conference on Robotics and Automation},
  pages={2520--2525},
  year={2011},
  organization={IEEE}
}

@article{osqp,
  author = {Stellato, B. and Banjac, G. and Goulart, P. and Bemporad, A. and Boyd, S.},
  title = {{OSQP}: An Operator Splitting Solver for Quadratic Programs},
  journal = {ArXiv e-prints},
  year = {2017},
  month = nov,
  adsnote = {Provided by the SAO/NASA Astrophysics Data System},
  adsurl = {http://adsabs.harvard.edu/abs/2017arXiv171108013S},
  archiveprefix = {arXiv},
  eprint = {1711.08013},
  keywords = {Mathematics - Optimization and Control},
  primaryclass = {math.OC},
}
